@article{antoch2008application,
  title={Application of MCMC to change point detection},
  author={Antoch, Jarom{\'\i}r and Leg{\'a}t, David},
  journal={Applications of Mathematics},
  volume={53},
  number={4},
  pages={281--296},
  year={2008},
  publisher={Springer}
}

@article{carlin1992hierarchical,
  title={Hierarchical Bayesian analysis of changepoint problems},
  author={Carlin, Bradley P and Gelfand, Alan E and Smith, Adrian FM},
  journal={Journal of the royal statistical society: series C (applied statistics)},
  volume={41},
  number={2},
  pages={389--405},
  year={1992},
  publisher={Wiley Online Library}
}

@article{gelman1992inference,
  title={Inference from iterative simulation using multiple sequences},
  author={Gelman, Andrew and Rubin, Donald B and others},
  journal={Statistical science},
  volume={7},
  number={4},
  pages={457--472},
  year={1992},
  publisher={Institute of Mathematical Statistics}
}

@book{geweke1991evaluating,
  title={Evaluating the accuracy of sampling-based approaches to the calculation of posterior moments},
  author={Geweke, John and others},
  volume={196},
  year={1991},
  publisher={Federal Reserve Bank of Minneapolis, Research Department Minneapolis, MN}
}

@article{carlin1995bayesian,
  title={Bayesian model choice via Markov chain Monte Carlo methods},
  author={Carlin, Bradley P and Chib, Siddhartha},
  journal={Journal of the Royal Statistical Society: Series B (Methodological)},
  volume={57},
  number={3},
  pages={473--484},
  year={1995},
  publisher={Wiley Online Library}
}

@article{green1995reversible,
  title={Reversible jump Markov chain Monte Carlo computation and Bayesian model determination},
  author={Green, Peter J},
  journal={Biometrika},
  volume={82},
  number={4},
  pages={711--732},
  year={1995},
  publisher={Oxford University Press}
}

@article{chen1997testing,
  title={Testing and locating variance changepoints with application to stock prices},
  author={Chen, Jie and Gupta, Arjun K},
  journal={Journal of the American Statistical association},
  volume={92},
  number={438},
  pages={739--747},
  year={1997},
  publisher={Taylor \& Francis}
}

@article{elsner2004detecting,
  title={Detecting shifts in hurricane rates using a Markov chain Monte Carlo approach},
  author={Elsner, James B and Niu, Xufeng and Jagger, Thomas H},
  journal={Journal of climate},
  volume={17},
  number={13},
  pages={2652--2666},
  year={2004}
}

@article{killick2012optimal,
  title={Optimal detection of changepoints with a linear computational cost},
  author={Killick, Rebecca and Fearnhead, Paul and Eckley, Idris A},
  journal={Journal of the American Statistical Association},
  volume={107},
  number={500},
  pages={1590--1598},
  year={2012},
  publisher={Taylor \& Francis}
}

@article{stephens1994bayesian,
  title={Bayesian retrospective multiple-changepoint identification},
  author={Stephens, DA},
  journal={Journal of the Royal Statistical Society: Series C (Applied Statistics)},
  volume={43},
  number={1},
  pages={159--178},
  year={1994},
  publisher={Wiley Online Library}
}

@article{lavielle2001application,
  title={An application of MCMC methods for the multiple change-points problem},
  author={Lavielle, Marc and Lebarbier, E},
  journal={Signal processing},
  volume={81},
  number={1},
  pages={39--53},
  year={2001},
  publisher={Elsevier}
}

@article{benson2018adaptive,
  title={Adaptive MCMC for multiple changepoint analysis with applications to large datasets},
  author={Benson, Alan and Friel, Nial and others},
  journal={Electronic Journal of Statistics},
  volume={12},
  number={2},
  pages={3365--3396},
  year={2018},
  publisher={The Institute of Mathematical Statistics and the Bernoulli Society}
}

@article{flegal2010batch,
  title={Batch means and spectral variance estimators in Markov chain Monte Carlo},
  author={Flegal, James M and Jones, Galin L and others},
  journal={The Annals of Statistics},
  volume={38},
  number={2},
  pages={1034--1070},
  year={2010},
  publisher={Institute of Mathematical Statistics}
}